@misc {autowebprogramming,
  author={Emil Wallner},
  title={FloydHub Blog - Turning Design Mockups Into Code With Deep Learning},
  howpublished={https://blog.floydhub.com/turning-design-mockups-into-code-with-deep-learning/}
}

@misc {plmaking,
  author={佐藤周行},
  title={プログラミング言語処理系論},
  howpublished={http://www-sato.cc.u-tokyo.ac.jp/SATO.Hiroyuki/PLDI2012/1.pdf}
}

@misc {punchcard,
  author={Margaret Rouse},
  title={History of punch card},
  howpublished={https://whatis.techtarget.com/reference/History-of-the-punch-card}
}

@misc {RubyOnRails,
  title={Rails},
  howpublished={https://rubyonrails.org/}
}

@misc {softwareassembly,
  author={玉井 哲雄},
  title={ソフトウェア工学から見たプログラム合成変換技術},
  howpublished={http://tamai-lab.ws.hosei.ac.jp/pub/pgmtrans.pdf}
}

@misc {simulink,
  author={mathworks},
  title={simulink},
  howpublished={https://jp.mathworks.com/products/simulink.html}
}

@misc {blueprint,
  author={Unreal Engine},
  title={ブループリントのベストプラクティス},
  howpublished={http://api.unrealengine.com/latest/JPN/Engine/Blueprints/BestPractices/index.html}
}

@misc {codeanalysis,
  author={Microsoft},
  title={アーキテクチャを分析及びモデルする},
  howpublished={https://docs.microsoft.com/ja-jp/visualstudio/modeling/analyze-and-model-your-architecture}
}
