@article{sundaresan2012accelerating,
  title={Accelerating last-mile web performance with popularity-based prefetching},
  author={Sundaresan, Srikanth and Magharei, Nazanin and Feamster, Nick and Teixeira, Renata},
  journal={ACM SIGCOMM Computer Communication Review},
  volume={42},
  number={4},
  pages={303--304},
  year={2012},
  publisher={ACM}
}

@inproceedings{chen2007data,
  title={Data access history cache and associated data prefetching mechanisms},
  author={Chen, Yong and Byna, Surendra and Sun, Xian-He},
  booktitle={Proceedings of the 2007 ACM/IEEE conference on Supercomputing},
  pages={21},
  year={2007},
  organization={ACM}
}
